<?xml version="1.0" encoding="UTF-8"?><collection xmlns="http://www.loc.gov/MARC21/slim"><record><leader>00344nam--2200133-i-4500</leader><controlfield tag="001">000046803</controlfield><controlfield tag="002">20161230</controlfield><controlfield tag="005">20161230201046</controlfield><controlfield tag="008">060222s1000------------r-----000-0-eng-d</controlfield><datafield ind1=" " ind2=" " tag="080"><subfield code="a">621.383:621.371.087</subfield></datafield><datafield ind1=" " ind2=" " tag="100"><subfield code="a">Walker, R.C</subfield></datafield><datafield ind1=" " ind2=" " tag="245"><subfield code="a">Photoelectric cells in industry</subfield></datafield><datafield ind1=" " ind2=" " tag="260"><subfield code="a">London, Sir Isaac Pitman &amp; Sons, 1948, X+517p</subfield></datafield><datafield ind1=" " ind2=" " tag="852"><subfield code="a">2678</subfield></datafield></record></collection>